<record><leader>01583nam a2200373 i 4500</leader><controlfield tag="001">6614265</controlfield><controlfield tag="003">OCoLC</controlfield><controlfield tag="005">20140619152800.0</controlfield><controlfield tag="008">130919t20152015cau      b    001 0 eng  </controlfield><datafield ind1=" " ind2=" " tag="010"><subfield code="a">  2013037526</subfield></datafield><datafield ind1="7" ind2=" " tag="016"><subfield code="a">016649806</subfield><subfield code="2">Uk</subfield></datafield><datafield ind1=" " ind2=" " tag="020"><subfield code="a">9781412997652 (alk. paper)</subfield></datafield><datafield ind1=" " ind2=" " tag="020"><subfield code="a">1412997658 (alk. paper)</subfield></datafield><datafield ind1=" " ind2=" " tag="035"><subfield code="a">ocn858749688</subfield></datafield><datafield ind1=" " ind2=" " tag="040"><subfield code="a">DLC</subfield><subfield code="b">eng</subfield><subfield code="e">rda</subfield><subfield code="c">DLC</subfield><subfield code="d">OCLCO</subfield><subfield code="d">BTCTA</subfield><subfield code="d">YDXCP</subfield><subfield code="d">SBM</subfield><subfield code="d">UKMGB</subfield><subfield code="d">AEC</subfield></datafield><datafield ind1=" " ind2=" " tag="042"><subfield code="a">pcc</subfield></datafield><datafield ind1="0" ind2="0" tag="050"><subfield code="a">HM479.S55</subfield><subfield code="b">H444 2015</subfield></datafield><datafield ind1="0" ind2="0" tag="082"><subfield code="a">301.01</subfield><subfield code="2">23</subfield></datafield><datafield ind1=" " ind2=" " tag="090"><subfield code="a">HM 479 S55 H444 2015</subfield><subfield code="b">AEC</subfield></datafield><datafield ind1="1" ind2=" " tag="100"><subfield code="a">Helle, Horst J&#252;rgen.</subfield></datafield><datafield ind1="1" ind2="4" tag="245"><subfield code="a">The social thought of Georg Simmel /</subfield><subfield code="c">Horst J. Helle, University of Munich, Germany.</subfield></datafield><datafield ind1=" " ind2="1" tag="264"><subfield code="a">Thousand Oaks, California :</subfield><subfield code="b">Sage,</subfield><subfield code="c">[2015]</subfield></datafield><datafield ind1=" " ind2="4" tag="264"><subfield code="c">&#169;2015</subfield></datafield><datafield ind1=" " ind2=" " tag="300"><subfield code="a">ix, 117 pages ;</subfield><subfield code="c">23 cm.</subfield></datafield><datafield ind1=" " ind2=" " tag="336"><subfield code="a">text</subfield><subfield code="2">rdacontent</subfield></datafield><datafield ind1=" " ind2=" " tag="337"><subfield code="a">unmediated</subfield><subfield code="2">rdamedia</subfield></datafield><datafield ind1=" " ind2=" " tag="338"><subfield code="a">volume</subfield><subfield code="2">rdacarrier</subfield></datafield><datafield ind1="0" ind2=" " tag="490"><subfield code="a">Social thinkers series</subfield></datafield><datafield ind1=" " ind2=" " tag="504"><subfield code="a">Includes bibliographical references (pages 109-112) and index.</subfield></datafield><datafield ind1="0" ind2=" " tag="505"><subfield code="a">Georg Simmel: the man and his work -- Sociology as one of the humanities -- Individualization as ethical concern -- What religions have in common -- Evolution: the family and private life -- Equality versus liberty: competition and money -- Sociology saves lives: vitalism and the poor person -- Further readings: living in big cities.</subfield></datafield><datafield ind1=" " ind2=" " tag="596"><subfield code="a">21</subfield></datafield><datafield ind1="1" ind2="0" tag="600"><subfield code="a">Simmel, Georg,</subfield><subfield code="d">1858-1918.</subfield></datafield><datafield ind1=" " ind2="0" tag="650"><subfield code="a">Sociology</subfield><subfield code="x">Philosophy.</subfield></datafield><datafield ind1=" " ind2=" " tag="926"><subfield code="a">HM 479 S55 H444 2015</subfield><subfield code="w">LC</subfield><subfield code="c">1</subfield><subfield code="i">33333001308275</subfield><subfield code="d">12/4/2015</subfield><subfield code="e">11/25/2015</subfield><subfield code="l">ON_SHELF</subfield><subfield code="m">CONCORDIA</subfield><subfield code="n">1</subfield><subfield code="r">Y</subfield><subfield code="s">Y</subfield><subfield code="t">BOOK</subfield><subfield code="u">6/19/2014</subfield></datafield></record>